@article{kircher2014general,
  title={A general framework for estimating the relative pathogenicity of human genetic variants},
  author={Kircher, Martin and Witten, Daniela M and Jain, Preti and O'Roak, Brian J and Cooper, Gregory M and Shendure, Jay},
  journal={Nature genetics},
  volume={46},
  number={3},
  pages={310--315},
  year={2014},
  publisher={Nature Publishing Group}
}
@article{franceschini2013string,
  title={STRING v9. 1: protein-protein interaction networks, with increased coverage and integration},
  author={Franceschini, Andrea and Szklarczyk, Damian and Frankild, Sune and Kuhn, Michael and Simonovic, Milan and Roth, Alexander and Lin, Jianyi and Minguez, Pablo and Bork, Peer and von Mering, Christian and others},
  journal={Nucleic acids research},
  volume={41},
  number={D1},
  pages={D808--D815},
  year={2013},
  publisher={Oxford Univ Press}
}
@article{sherry2001dbsnp,
  title={dbSNP: the NCBI database of genetic variation},
  author={Sherry, Stephen T and Ward, M-H and Kholodov, M and Baker, J and Phan, Lon and Smigielski, Elizabeth M and Sirotkin, Karl},
  journal={Nucleic acids research},
  volume={29},
  number={1},
  pages={308--311},
  year={2001},
  publisher={Oxford Univ Press}
}
@article{landrum2013clinvar,
  title={ClinVar: public archive of relationships among sequence variation and human phenotype},
  author={Landrum, Melissa J and Lee, Jennifer M and Riley, George R and Jang, Wonhee and Rubinstein, Wendy S and Church, Deanna M and Maglott, Donna R},
  journal={Nucleic acids research},
  pages={gkt1113},
  year={2013},
  publisher={Oxford Univ Press}
}
@ONLINE{playframework,
title = {Play Framework},
month = jun,
year = {2014},
url = {http://www.playframework.com/}
}