@book{brennan2009guide,
title={A Guide to the Business Analysis Body of Knowledger},
author={Brennan, Kevin and others},
year={2009},
publisher={Iiba}
}