@Misc{cbio,
author =   {Jianjiong Gao and Arman Aksoy, B. and others},
title =    {cBioPortal for Cancer Genomics},
howpublished = {\url{http://www.cbioportal.org/public-portal/index.do}},
year = {2014}
}
